<?xml version="1.0" encoding="UTF-8"?><collection xmlns="http://www.loc.gov/MARC21/slim"><record><leader>00548nam--2200193-i-4500</leader><controlfield tag="001">000017353</controlfield><controlfield tag="002">20161230</controlfield><controlfield tag="005">20161230201032</controlfield><controlfield tag="008">060222s1000------------r-----000-0-eng-d</controlfield><datafield ind1=" " ind2=" " tag="020"><subfield code="a">3540519939</subfield></datafield><datafield ind1=" " ind2=" " tag="040"><subfield code="a">IFIN-HH</subfield></datafield><datafield ind1=" " ind2=" " tag="080"><subfield code="a">530.145:539.141</subfield></datafield><datafield ind1="1" ind2=" " tag="100"><subfield code="a">Dreizler, R</subfield></datafield><datafield ind1="1" ind2="0" tag="245"><subfield code="a">Density functional theory</subfield><subfield code="b">An approach to the quantum many-body problem</subfield><subfield code="c">R.m. dreizler; e.k.u. gross</subfield></datafield><datafield ind1=" " ind2=" " tag="260"><subfield code="a">Berlin</subfield><subfield code="b">Springer-verlag</subfield><subfield code="c">1990</subfield></datafield><datafield ind1=" " ind2=" " tag="300"><subfield code="a">XI + 302 P</subfield></datafield><datafield ind1="1" ind2=" " tag="700"><subfield code="a">Gross, E.K.U</subfield></datafield><datafield ind1=" " ind2=" " tag="852"><subfield code="a">80961</subfield><subfield code="c">530.145</subfield></datafield><datafield ind1=" " ind2=" " tag="CAT"><subfield code="a">Sys</subfield><subfield code="c">20110330</subfield><subfield code="h">133937</subfield></datafield></record></collection>